@article{Fosalba:2015MI,
      author         = "Fosalba, Pablo and Crocce, Martin and Gaztañaga, Enrique and Castander, Francisco Javier",
      title          = "{The MICE Grand Challenge Lightcone Simulation I: Dark matter clustering}",
      journal        = "Mon. Not. Roy. Astron. Soc.",
      volume         = "448",
      year           = "2015",
      number         = "4",
      pages          = "2987-3000",
      doi            = "10.1093/mnras/stv138",
      eprint         = "1312.1707",
      archivePrefix  = "arXiv",
      primaryClass   = "astro-ph.CO",
      SLACcitation   = "%%CITATION = ARXIV:1312.1707;%%"
}

@article{Fosalba:2015MII,
      author         = "Crocce, Martin and Castander, Francisco Javier and Gaztañaga, Enrique and Fosalba, Pablo and Carretero, J.",
      title          = "{The MICE Grand Challenge Lightcone Simulation II: Halo and Galaxy catalogues}",
      journal        = "Mon. Not. Roy. Astron. Soc.",
      volume         = "453",
      year           = "2015",
      number         = "2",
      pages          = "1513-1530",
      doi            = "10.1093/mnras/stv1708",
      eprint         = "1312.2013",
      archivePrefix  = "arXiv",
      primaryClass   = "astro-ph.CO",
      SLACcitation   = "%%CITATION = ARXIV:1312.2013;%%"
}

@article{Carretero:2017MIII,
      author         = "Carretero, J. and others",
      title          = "{CosmoHub and SciPIC: Massive Cosmological Data Analysis, Distribution and Generation Using a Big Data Platform}",
      journal        = "PoS Proc. Sci.",
      volume         = "488",
      year           = "2017",
      doi            = "10.22323/1.314.0488",
}

@article{Desjacques:2018rev,
      author         = "Desjacques, Vincent and Jeong, Donghui and Schmidt, Fabian",
      title          = "{Large-Scale Galaxy Bias}",
      journal        = "Phys. Rept.",
      volume         = "733",
      year           = "2018",
      pages          = "1-193",
      doi            = "10.1016/j.physrep.2017.12.002",
      eprint         = "1611.09787",
      archivePrefix  = "arXiv",
      primaryClass   = "astro-ph.CO",
      SLACcitation   = "%%CITATION = ARXIV:1611.09787;%%"
}
@article{Bernardeau:2002rev,
      author         = "Bernardeau, F. and Colombi, S. and Gaztañaga, E. and Scoccimarro",
      title          = "{Large-Scale Structure of the Universe and Cosmological Perturbation Theory
}",
      journal        = "Phys. Rept.",
      volume         = "367",
      year           = "2012",
      pages          = "1-248",
      doi            = "10.1016/S0370-1573(02)00135-7",
      eprint         = "astro-ph/0112551",
      archivePrefix  = "arXiv",
      primaryClass   = "astro-ph",
      SLACcitation   = "%%CITATION = ARXIV:0112551;%%"
}